<?xml version="1.0" encoding="UTF-8"?><collection xmlns="http://www.loc.gov/MARC21/slim"><record><leader>00372nam--2200145-i-4500</leader><controlfield tag="001">000010354</controlfield><controlfield tag="002">20161230</controlfield><controlfield tag="005">20161230201028</controlfield><controlfield tag="008">060222s1000------------r-----000-0-eng-d</controlfield><datafield ind1=" " ind2=" " tag="020"><subfield code="a">1876</subfield></datafield><datafield ind1=" " ind2=" " tag="100"><subfield code="a">Black, K.M</subfield></datafield><datafield ind1=" " ind2=" " tag="245"><subfield code="a">Franfkort, j.h</subfield></datafield><datafield ind1=" " ind2=" " tag="260"><subfield code="a">Engineering And Evaluation Study For The Manu Facture Of Wood-plastic Composites</subfield></datafield><datafield ind1=" " ind2=" " tag="490"><subfield code="a">Klx</subfield></datafield><datafield ind1=" " ind2=" " tag="852"><subfield code="a">674:691.11</subfield></datafield></record></collection>